%YAML 1.1
%TAG !u! tag:unity3d.com,2011:
--- !u!1 &760620723985580641
GameObject:
  m_ObjectHideFlags: 0
  m_CorrespondingSourceObject: {fileID: 0}
  m_PrefabInstance: {fileID: 0}
  m_PrefabAsset: {fileID: 0}
  serializedVersion: 6
  m_Component:
  - component: {fileID: 5894522851666402985}
  m_Layer: 0
  m_Name: JengaPreFab
  m_TagString: Untagged
  m_Icon: {fileID: 0}
  m_NavMeshLayer: 0
  m_StaticEditorFlags: 0
  m_IsActive: 1
--- !u!4 &5894522851666402985
Transform:
  m_ObjectHideFlags: 0
  m_CorrespondingSourceObject: {fileID: 0}
  m_PrefabInstance: {fileID: 0}
  m_PrefabAsset: {fileID: 0}
  m_GameObject: {fileID: 760620723985580641}
  m_LocalRotation: {x: 0, y: 0, z: 0, w: 1}
  m_LocalPosition: {x: 0, y: 0, z: 0}
  m_LocalScale: {x: 1, y: 1, z: 1}
  m_Children:
  - {fileID: 1255745439493171392}
  - {fileID: 8000804514318498911}
  - {fileID: 8628594852034300209}
  - {fileID: 2968792907597717672}
  - {fileID: 3231756517533157210}
  - {fileID: 8533197066503421016}
  - {fileID: 7038988140551558633}
  - {fileID: 309789908853824856}
  - {fileID: 3264873905177047709}
  - {fileID: 8808701398330914630}
  - {fileID: 1276929708159331576}
  - {fileID: 8607404976222125572}
  - {fileID: 5230983672158021740}
  - {fileID: 7943527035258022233}
  - {fileID: 8441195403776236691}
  - {fileID: 6013672267385918858}
  - {fileID: 3546801197640868753}
  - {fileID: 7483930326419849034}
  - {fileID: 4256473806170027574}
  - {fileID: 4418865995878568722}
  - {fileID: 8199784554823057046}
  - {fileID: 4783398482128798218}
  - {fileID: 7724774402914380600}
  - {fileID: 989780828389265177}
  - {fileID: 9041886556573172754}
  - {fileID: 8153939603329036321}
  - {fileID: 5304710899704209080}
  m_Father: {fileID: 0}
  m_RootOrder: 0
  m_LocalEulerAnglesHint: {x: 0, y: 0, z: 0}
--- !u!1001 &7074399759086196
PrefabInstance:
  m_ObjectHideFlags: 0
  serializedVersion: 2
  m_Modification:
    m_TransformParent: {fileID: 5894522851666402985}
    m_Modifications:
    - target: {fileID: 5224472222625389080, guid: a39ffbe628478834a8006e11e92edee0,
        type: 3}
      propertyPath: m_LocalPosition.x
      value: -0.15
      objectReference: {fileID: 0}
    - target: {fileID: 5224472222625389080, guid: a39ffbe628478834a8006e11e92edee0,
        type: 3}
      propertyPath: m_LocalPosition.y
      value: 0.125
      objectReference: {fileID: 0}
    - target: {fileID: 5224472222625389080, guid: a39ffbe628478834a8006e11e92edee0,
        type: 3}
      propertyPath: m_LocalPosition.z
      value: 0.168
      objectReference: {fileID: 0}
    - target: {fileID: 5224472222625389080, guid: a39ffbe628478834a8006e11e92edee0,
        type: 3}
      propertyPath: m_LocalRotation.x
      value: -0
      objectReference: {fileID: 0}
    - target: {fileID: 5224472222625389080, guid: a39ffbe628478834a8006e11e92edee0,
        type: 3}
      propertyPath: m_LocalRotation.y
      value: -0
      objectReference: {fileID: 0}
    - target: {fileID: 5224472222625389080, guid: a39ffbe628478834a8006e11e92edee0,
        type: 3}
      propertyPath: m_LocalRotation.z
      value: -0
      objectReference: {fileID: 0}
    - target: {fileID: 5224472222625389080, guid: a39ffbe628478834a8006e11e92edee0,
        type: 3}
      propertyPath: m_LocalRotation.w
      value: 1
      objectReference: {fileID: 0}
    - target: {fileID: 5224472222625389080, guid: a39ffbe628478834a8006e11e92edee0,
        type: 3}
      propertyPath: m_RootOrder
      value: 12
      objectReference: {fileID: 0}
    - target: {fileID: 5224472222625389080, guid: a39ffbe628478834a8006e11e92edee0,
        type: 3}
      propertyPath: m_LocalEulerAnglesHint.x
      value: 0
      objectReference: {fileID: 0}
    - target: {fileID: 5224472222625389080, guid: a39ffbe628478834a8006e11e92edee0,
        type: 3}
      propertyPath: m_LocalEulerAnglesHint.y
      value: 0
      objectReference: {fileID: 0}
    - target: {fileID: 5224472222625389080, guid: a39ffbe628478834a8006e11e92edee0,
        type: 3}
      propertyPath: m_LocalEulerAnglesHint.z
      value: 0
      objectReference: {fileID: 0}
    - target: {fileID: 5589828788915104441, guid: a39ffbe628478834a8006e11e92edee0,
        type: 3}
      propertyPath: m_Name
      value: Cube_2_C (10)
      objectReference: {fileID: 0}
    m_RemovedComponents: []
  m_SourcePrefab: {fileID: 100100000, guid: a39ffbe628478834a8006e11e92edee0, type: 3}
--- !u!4 &5230983672158021740 stripped
Transform:
  m_CorrespondingSourceObject: {fileID: 5224472222625389080, guid: a39ffbe628478834a8006e11e92edee0,
    type: 3}
  m_PrefabInstance: {fileID: 7074399759086196}
  m_PrefabAsset: {fileID: 0}
--- !u!1001 &784477757300365330
PrefabInstance:
  m_ObjectHideFlags: 0
  serializedVersion: 2
  m_Modification:
    m_TransformParent: {fileID: 5894522851666402985}
    m_Modifications:
    - target: {fileID: 5224472222625389080, guid: a39ffbe628478834a8006e11e92edee0,
        type: 3}
      propertyPath: m_LocalPosition.x
      value: 0.15199995
      objectReference: {fileID: 0}
    - target: {fileID: 5224472222625389080, guid: a39ffbe628478834a8006e11e92edee0,
        type: 3}
      propertyPath: m_LocalPosition.y
      value: 1.531
      objectReference: {fileID: 0}
    - target: {fileID: 5224472222625389080, guid: a39ffbe628478834a8006e11e92edee0,
        type: 3}
      propertyPath: m_LocalPosition.z
      value: -0.08499999
      objectReference: {fileID: 0}
    - target: {fileID: 5224472222625389080, guid: a39ffbe628478834a8006e11e92edee0,
        type: 3}
      propertyPath: m_LocalRotation.x
      value: -0
      objectReference: {fileID: 0}
    - target: {fileID: 5224472222625389080, guid: a39ffbe628478834a8006e11e92edee0,
        type: 3}
      propertyPath: m_LocalRotation.y
      value: -0
      objectReference: {fileID: 0}
    - target: {fileID: 5224472222625389080, guid: a39ffbe628478834a8006e11e92edee0,
        type: 3}
      propertyPath: m_LocalRotation.z
      value: -0
      objectReference: {fileID: 0}
    - target: {fileID: 5224472222625389080, guid: a39ffbe628478834a8006e11e92edee0,
        type: 3}
      propertyPath: m_LocalRotation.w
      value: 1
      objectReference: {fileID: 0}
    - target: {fileID: 5224472222625389080, guid: a39ffbe628478834a8006e11e92edee0,
        type: 3}
      propertyPath: m_RootOrder
      value: 21
      objectReference: {fileID: 0}
    - target: {fileID: 5224472222625389080, guid: a39ffbe628478834a8006e11e92edee0,
        type: 3}
      propertyPath: m_LocalEulerAnglesHint.x
      value: 0
      objectReference: {fileID: 0}
    - target: {fileID: 5224472222625389080, guid: a39ffbe628478834a8006e11e92edee0,
        type: 3}
      propertyPath: m_LocalEulerAnglesHint.y
      value: 0
      objectReference: {fileID: 0}
    - target: {fileID: 5224472222625389080, guid: a39ffbe628478834a8006e11e92edee0,
        type: 3}
      propertyPath: m_LocalEulerAnglesHint.z
      value: 0
      objectReference: {fileID: 0}
    - target: {fileID: 5589828788915104441, guid: a39ffbe628478834a8006e11e92edee0,
        type: 3}
      propertyPath: m_Name
      value: Cube_2_C (19)
      objectReference: {fileID: 0}
    m_RemovedComponents: []
  m_SourcePrefab: {fileID: 100100000, guid: a39ffbe628478834a8006e11e92edee0, type: 3}
--- !u!4 &4783398482128798218 stripped
Transform:
  m_CorrespondingSourceObject: {fileID: 5224472222625389080, guid: a39ffbe628478834a8006e11e92edee0,
    type: 3}
  m_PrefabInstance: {fileID: 784477757300365330}
  m_PrefabAsset: {fileID: 0}
--- !u!1001 &2014752661137297298
PrefabInstance:
  m_ObjectHideFlags: 0
  serializedVersion: 2
  m_Modification:
    m_TransformParent: {fileID: 5894522851666402985}
    m_Modifications:
    - target: {fileID: 5224472222625389080, guid: a39ffbe628478834a8006e11e92edee0,
        type: 3}
      propertyPath: m_LocalPosition.x
      value: 0.14299996
      objectReference: {fileID: 0}
    - target: {fileID: 5224472222625389080, guid: a39ffbe628478834a8006e11e92edee0,
        type: 3}
      propertyPath: m_LocalPosition.y
      value: 0.125
      objectReference: {fileID: 0}
    - target: {fileID: 5224472222625389080, guid: a39ffbe628478834a8006e11e92edee0,
        type: 3}
      propertyPath: m_LocalPosition.z
      value: 0.418
      objectReference: {fileID: 0}
    - target: {fileID: 5224472222625389080, guid: a39ffbe628478834a8006e11e92edee0,
        type: 3}
      propertyPath: m_LocalRotation.x
      value: -0
      objectReference: {fileID: 0}
    - target: {fileID: 5224472222625389080, guid: a39ffbe628478834a8006e11e92edee0,
        type: 3}
      propertyPath: m_LocalRotation.y
      value: -0
      objectReference: {fileID: 0}
    - target: {fileID: 5224472222625389080, guid: a39ffbe628478834a8006e11e92edee0,
        type: 3}
      propertyPath: m_LocalRotation.z
      value: -0
      objectReference: {fileID: 0}
    - target: {fileID: 5224472222625389080, guid: a39ffbe628478834a8006e11e92edee0,
        type: 3}
      propertyPath: m_LocalRotation.w
      value: 1
      objectReference: {fileID: 0}
    - target: {fileID: 5224472222625389080, guid: a39ffbe628478834a8006e11e92edee0,
        type: 3}
      propertyPath: m_RootOrder
      value: 15
      objectReference: {fileID: 0}
    - target: {fileID: 5224472222625389080, guid: a39ffbe628478834a8006e11e92edee0,
        type: 3}
      propertyPath: m_LocalEulerAnglesHint.x
      value: 0
      objectReference: {fileID: 0}
    - target: {fileID: 5224472222625389080, guid: a39ffbe628478834a8006e11e92edee0,
        type: 3}
      propertyPath: m_LocalEulerAnglesHint.y
      value: 0
      objectReference: {fileID: 0}
    - target: {fileID: 5224472222625389080, guid: a39ffbe628478834a8006e11e92edee0,
        type: 3}
      propertyPath: m_LocalEulerAnglesHint.z
      value: 0
      objectReference: {fileID: 0}
    - target: {fileID: 5589828788915104441, guid: a39ffbe628478834a8006e11e92edee0,
        type: 3}
      propertyPath: m_Name
      value: Cube_2_C (13)
      objectReference: {fileID: 0}
    m_RemovedComponents: []
  m_SourcePrefab: {fileID: 100100000, guid: a39ffbe628478834a8006e11e92edee0, type: 3}
--- !u!4 &6013672267385918858 stripped
Transform:
  m_CorrespondingSourceObject: {fileID: 5224472222625389080, guid: a39ffbe628478834a8006e11e92edee0,
    type: 3}
  m_PrefabInstance: {fileID: 2014752661137297298}
  m_PrefabAsset: {fileID: 0}
--- !u!1001 &2233415542187006150
PrefabInstance:
  m_ObjectHideFlags: 0
  serializedVersion: 2
  m_Modification:
    m_TransformParent: {fileID: 5894522851666402985}
    m_Modifications:
    - target: {fileID: 1122489534411059201, guid: 51cd64bc6b72b82479760b95d93932a0,
        type: 3}
      propertyPath: m_Name
      value: Cube_1_C (1)
      objectReference: {fileID: 0}
    - target: {fileID: 1122489534411059206, guid: 51cd64bc6b72b82479760b95d93932a0,
        type: 3}
      propertyPath: m_LocalPosition.x
      value: -0.26599997
      objectReference: {fileID: 0}
    - target: {fileID: 1122489534411059206, guid: 51cd64bc6b72b82479760b95d93932a0,
        type: 3}
      propertyPath: m_LocalPosition.y
      value: 0.57
      objectReference: {fileID: 0}
    - target: {fileID: 1122489534411059206, guid: 51cd64bc6b72b82479760b95d93932a0,
        type: 3}
      propertyPath: m_LocalPosition.z
      value: 0.026000008
      objectReference: {fileID: 0}
    - target: {fileID: 1122489534411059206, guid: 51cd64bc6b72b82479760b95d93932a0,
        type: 3}
      propertyPath: m_LocalRotation.x
      value: -0
      objectReference: {fileID: 0}
    - target: {fileID: 1122489534411059206, guid: 51cd64bc6b72b82479760b95d93932a0,
        type: 3}
      propertyPath: m_LocalRotation.y
      value: -0
      objectReference: {fileID: 0}
    - target: {fileID: 1122489534411059206, guid: 51cd64bc6b72b82479760b95d93932a0,
        type: 3}
      propertyPath: m_LocalRotation.z
      value: -0
      objectReference: {fileID: 0}
    - target: {fileID: 1122489534411059206, guid: 51cd64bc6b72b82479760b95d93932a0,
        type: 3}
      propertyPath: m_LocalRotation.w
      value: 1
      objectReference: {fileID: 0}
    - target: {fileID: 1122489534411059206, guid: 51cd64bc6b72b82479760b95d93932a0,
        type: 3}
      propertyPath: m_RootOrder
      value: 0
      objectReference: {fileID: 0}
    - target: {fileID: 1122489534411059206, guid: 51cd64bc6b72b82479760b95d93932a0,
        type: 3}
      propertyPath: m_LocalEulerAnglesHint.x
      value: 0
      objectReference: {fileID: 0}
    - target: {fileID: 1122489534411059206, guid: 51cd64bc6b72b82479760b95d93932a0,
        type: 3}
      propertyPath: m_LocalEulerAnglesHint.y
      value: 0
      objectReference: {fileID: 0}
    - target: {fileID: 1122489534411059206, guid: 51cd64bc6b72b82479760b95d93932a0,
        type: 3}
      propertyPath: m_LocalEulerAnglesHint.z
      value: 0
      objectReference: {fileID: 0}
    m_RemovedComponents: []
  m_SourcePrefab: {fileID: 100100000, guid: 51cd64bc6b72b82479760b95d93932a0, type: 3}
--- !u!4 &1255745439493171392 stripped
Transform:
  m_CorrespondingSourceObject: {fileID: 1122489534411059206, guid: 51cd64bc6b72b82479760b95d93932a0,
    type: 3}
  m_PrefabInstance: {fileID: 2233415542187006150}
  m_PrefabAsset: {fileID: 0}
--- !u!1001 &2572369756376445216
PrefabInstance:
  m_ObjectHideFlags: 0
  serializedVersion: 2
  m_Modification:
    m_TransformParent: {fileID: 5894522851666402985}
    m_Modifications:
    - target: {fileID: 5224472222625389080, guid: a39ffbe628478834a8006e11e92edee0,
        type: 3}
      propertyPath: m_LocalPosition.x
      value: -0.16499999
      objectReference: {fileID: 0}
    - target: {fileID: 5224472222625389080, guid: a39ffbe628478834a8006e11e92edee0,
        type: 3}
      propertyPath: m_LocalPosition.y
      value: 1.531
      objectReference: {fileID: 0}
    - target: {fileID: 5224472222625389080, guid: a39ffbe628478834a8006e11e92edee0,
        type: 3}
      propertyPath: m_LocalPosition.z
      value: 0.16499999
      objectReference: {fileID: 0}
    - target: {fileID: 5224472222625389080, guid: a39ffbe628478834a8006e11e92edee0,
        type: 3}
      propertyPath: m_LocalRotation.x
      value: -0
      objectReference: {fileID: 0}
    - target: {fileID: 5224472222625389080, guid: a39ffbe628478834a8006e11e92edee0,
        type: 3}
      propertyPath: m_LocalRotation.y
      value: -0
      objectReference: {fileID: 0}
    - target: {fileID: 5224472222625389080, guid: a39ffbe628478834a8006e11e92edee0,
        type: 3}
      propertyPath: m_LocalRotation.z
      value: -0
      objectReference: {fileID: 0}
    - target: {fileID: 5224472222625389080, guid: a39ffbe628478834a8006e11e92edee0,
        type: 3}
      propertyPath: m_LocalRotation.w
      value: 1
      objectReference: {fileID: 0}
    - target: {fileID: 5224472222625389080, guid: a39ffbe628478834a8006e11e92edee0,
        type: 3}
      propertyPath: m_RootOrder
      value: 22
      objectReference: {fileID: 0}
    - target: {fileID: 5224472222625389080, guid: a39ffbe628478834a8006e11e92edee0,
        type: 3}
      propertyPath: m_LocalEulerAnglesHint.x
      value: 0
      objectReference: {fileID: 0}
    - target: {fileID: 5224472222625389080, guid: a39ffbe628478834a8006e11e92edee0,
        type: 3}
      propertyPath: m_LocalEulerAnglesHint.y
      value: 0
      objectReference: {fileID: 0}
    - target: {fileID: 5224472222625389080, guid: a39ffbe628478834a8006e11e92edee0,
        type: 3}
      propertyPath: m_LocalEulerAnglesHint.z
      value: 0
      objectReference: {fileID: 0}
    - target: {fileID: 5589828788915104441, guid: a39ffbe628478834a8006e11e92edee0,
        type: 3}
      propertyPath: m_Name
      value: Cube_2_C (20)
      objectReference: {fileID: 0}
    m_RemovedComponents: []
  m_SourcePrefab: {fileID: 100100000, guid: a39ffbe628478834a8006e11e92edee0, type: 3}
--- !u!4 &7724774402914380600 stripped
Transform:
  m_CorrespondingSourceObject: {fileID: 5224472222625389080, guid: a39ffbe628478834a8006e11e92edee0,
    type: 3}
  m_PrefabInstance: {fileID: 2572369756376445216}
  m_PrefabAsset: {fileID: 0}
--- !u!1001 &2791138918169277249
PrefabInstance:
  m_ObjectHideFlags: 0
  serializedVersion: 2
  m_Modification:
    m_TransformParent: {fileID: 5894522851666402985}
    m_Modifications:
    - target: {fileID: 5224472222625389080, guid: a39ffbe628478834a8006e11e92edee0,
        type: 3}
      propertyPath: m_LocalPosition.x
      value: -0.39999998
      objectReference: {fileID: 0}
    - target: {fileID: 5224472222625389080, guid: a39ffbe628478834a8006e11e92edee0,
        type: 3}
      propertyPath: m_LocalPosition.y
      value: 0.125
      objectReference: {fileID: 0}
    - target: {fileID: 5224472222625389080, guid: a39ffbe628478834a8006e11e92edee0,
        type: 3}
      propertyPath: m_LocalPosition.z
      value: 0.168
      objectReference: {fileID: 0}
    - target: {fileID: 5224472222625389080, guid: a39ffbe628478834a8006e11e92edee0,
        type: 3}
      propertyPath: m_LocalRotation.x
      value: -0
      objectReference: {fileID: 0}
    - target: {fileID: 5224472222625389080, guid: a39ffbe628478834a8006e11e92edee0,
        type: 3}
      propertyPath: m_LocalRotation.y
      value: -0
      objectReference: {fileID: 0}
    - target: {fileID: 5224472222625389080, guid: a39ffbe628478834a8006e11e92edee0,
        type: 3}
      propertyPath: m_LocalRotation.z
      value: -0
      objectReference: {fileID: 0}
    - target: {fileID: 5224472222625389080, guid: a39ffbe628478834a8006e11e92edee0,
        type: 3}
      propertyPath: m_LocalRotation.w
      value: 1
      objectReference: {fileID: 0}
    - target: {fileID: 5224472222625389080, guid: a39ffbe628478834a8006e11e92edee0,
        type: 3}
      propertyPath: m_RootOrder
      value: 13
      objectReference: {fileID: 0}
    - target: {fileID: 5224472222625389080, guid: a39ffbe628478834a8006e11e92edee0,
        type: 3}
      propertyPath: m_LocalEulerAnglesHint.x
      value: 0
      objectReference: {fileID: 0}
    - target: {fileID: 5224472222625389080, guid: a39ffbe628478834a8006e11e92edee0,
        type: 3}
      propertyPath: m_LocalEulerAnglesHint.y
      value: 0
      objectReference: {fileID: 0}
    - target: {fileID: 5224472222625389080, guid: a39ffbe628478834a8006e11e92edee0,
        type: 3}
      propertyPath: m_LocalEulerAnglesHint.z
      value: 0
      objectReference: {fileID: 0}
    - target: {fileID: 5589828788915104441, guid: a39ffbe628478834a8006e11e92edee0,
        type: 3}
      propertyPath: m_Name
      value: Cube_2_C (11)
      objectReference: {fileID: 0}
    m_RemovedComponents: []
  m_SourcePrefab: {fileID: 100100000, guid: a39ffbe628478834a8006e11e92edee0, type: 3}
--- !u!4 &7943527035258022233 stripped
Transform:
  m_CorrespondingSourceObject: {fileID: 5224472222625389080, guid: a39ffbe628478834a8006e11e92edee0,
    type: 3}
  m_PrefabInstance: {fileID: 2791138918169277249}
  m_PrefabAsset: {fileID: 0}
--- !u!1001 &2967467144250920945
PrefabInstance:
  m_ObjectHideFlags: 0
  serializedVersion: 2
  m_Modification:
    m_TransformParent: {fileID: 5894522851666402985}
    m_Modifications:
    - target: {fileID: 5224472222625389080, guid: a39ffbe628478834a8006e11e92edee0,
        type: 3}
      propertyPath: m_LocalPosition.x
      value: -0.15
      objectReference: {fileID: 0}
    - target: {fileID: 5224472222625389080, guid: a39ffbe628478834a8006e11e92edee0,
        type: 3}
      propertyPath: m_LocalPosition.y
      value: 0.125
      objectReference: {fileID: 0}
    - target: {fileID: 5224472222625389080, guid: a39ffbe628478834a8006e11e92edee0,
        type: 3}
      propertyPath: m_LocalPosition.z
      value: -0.156
      objectReference: {fileID: 0}
    - target: {fileID: 5224472222625389080, guid: a39ffbe628478834a8006e11e92edee0,
        type: 3}
      propertyPath: m_LocalRotation.x
      value: -0
      objectReference: {fileID: 0}
    - target: {fileID: 5224472222625389080, guid: a39ffbe628478834a8006e11e92edee0,
        type: 3}
      propertyPath: m_LocalRotation.y
      value: -0
      objectReference: {fileID: 0}
    - target: {fileID: 5224472222625389080, guid: a39ffbe628478834a8006e11e92edee0,
        type: 3}
      propertyPath: m_LocalRotation.z
      value: -0
      objectReference: {fileID: 0}
    - target: {fileID: 5224472222625389080, guid: a39ffbe628478834a8006e11e92edee0,
        type: 3}
      propertyPath: m_LocalRotation.w
      value: 1
      objectReference: {fileID: 0}
    - target: {fileID: 5224472222625389080, guid: a39ffbe628478834a8006e11e92edee0,
        type: 3}
      propertyPath: m_RootOrder
      value: 6
      objectReference: {fileID: 0}
    - target: {fileID: 5224472222625389080, guid: a39ffbe628478834a8006e11e92edee0,
        type: 3}
      propertyPath: m_LocalEulerAnglesHint.x
      value: 0
      objectReference: {fileID: 0}
    - target: {fileID: 5224472222625389080, guid: a39ffbe628478834a8006e11e92edee0,
        type: 3}
      propertyPath: m_LocalEulerAnglesHint.y
      value: 0
      objectReference: {fileID: 0}
    - target: {fileID: 5224472222625389080, guid: a39ffbe628478834a8006e11e92edee0,
        type: 3}
      propertyPath: m_LocalEulerAnglesHint.z
      value: 0
      objectReference: {fileID: 0}
    - target: {fileID: 5589828788915104441, guid: a39ffbe628478834a8006e11e92edee0,
        type: 3}
      propertyPath: m_Name
      value: Cube_2_C (4)
      objectReference: {fileID: 0}
    m_RemovedComponents: []
  m_SourcePrefab: {fileID: 100100000, guid: a39ffbe628478834a8006e11e92edee0, type: 3}
--- !u!4 &7038988140551558633 stripped
Transform:
  m_CorrespondingSourceObject: {fileID: 5224472222625389080, guid: a39ffbe628478834a8006e11e92edee0,
    type: 3}
  m_PrefabInstance: {fileID: 2967467144250920945}
  m_PrefabAsset: {fileID: 0}
--- !u!1001 &3412971180300985682
PrefabInstance:
  m_ObjectHideFlags: 0
  serializedVersion: 2
  m_Modification:
    m_TransformParent: {fileID: 5894522851666402985}
    m_Modifications:
    - target: {fileID: 5224472222625389080, guid: a39ffbe628478834a8006e11e92edee0,
        type: 3}
      propertyPath: m_LocalPosition.x
      value: 0.14299998
      objectReference: {fileID: 0}
    - target: {fileID: 5224472222625389080, guid: a39ffbe628478834a8006e11e92edee0,
        type: 3}
      propertyPath: m_LocalPosition.y
      value: 0.125
      objectReference: {fileID: 0}
    - target: {fileID: 5224472222625389080, guid: a39ffbe628478834a8006e11e92edee0,
        type: 3}
      propertyPath: m_LocalPosition.z
      value: 0.168
      objectReference: {fileID: 0}
    - target: {fileID: 5224472222625389080, guid: a39ffbe628478834a8006e11e92edee0,
        type: 3}
      propertyPath: m_LocalRotation.x
      value: -0
      objectReference: {fileID: 0}
    - target: {fileID: 5224472222625389080, guid: a39ffbe628478834a8006e11e92edee0,
        type: 3}
      propertyPath: m_LocalRotation.y
      value: -0
      objectReference: {fileID: 0}
    - target: {fileID: 5224472222625389080, guid: a39ffbe628478834a8006e11e92edee0,
        type: 3}
      propertyPath: m_LocalRotation.z
      value: -0
      objectReference: {fileID: 0}
    - target: {fileID: 5224472222625389080, guid: a39ffbe628478834a8006e11e92edee0,
        type: 3}
      propertyPath: m_LocalRotation.w
      value: 1
      objectReference: {fileID: 0}
    - target: {fileID: 5224472222625389080, guid: a39ffbe628478834a8006e11e92edee0,
        type: 3}
      propertyPath: m_RootOrder
      value: 17
      objectReference: {fileID: 0}
    - target: {fileID: 5224472222625389080, guid: a39ffbe628478834a8006e11e92edee0,
        type: 3}
      propertyPath: m_LocalEulerAnglesHint.x
      value: 0
      objectReference: {fileID: 0}
    - target: {fileID: 5224472222625389080, guid: a39ffbe628478834a8006e11e92edee0,
        type: 3}
      propertyPath: m_LocalEulerAnglesHint.y
      value: 0
      objectReference: {fileID: 0}
    - target: {fileID: 5224472222625389080, guid: a39ffbe628478834a8006e11e92edee0,
        type: 3}
      propertyPath: m_LocalEulerAnglesHint.z
      value: 0
      objectReference: {fileID: 0}
    - target: {fileID: 5589828788915104441, guid: a39ffbe628478834a8006e11e92edee0,
        type: 3}
      propertyPath: m_Name
      value: Cube_2_C (15)
      objectReference: {fileID: 0}
    m_RemovedComponents: []
  m_SourcePrefab: {fileID: 100100000, guid: a39ffbe628478834a8006e11e92edee0, type: 3}
--- !u!4 &7483930326419849034 stripped
Transform:
  m_CorrespondingSourceObject: {fileID: 5224472222625389080, guid: a39ffbe628478834a8006e11e92edee0,
    type: 3}
  m_PrefabInstance: {fileID: 3412971180300985682}
  m_PrefabAsset: {fileID: 0}
--- !u!1001 &3656859735845203294
PrefabInstance:
  m_ObjectHideFlags: 0
  serializedVersion: 2
  m_Modification:
    m_TransformParent: {fileID: 5894522851666402985}
    m_Modifications:
    - target: {fileID: 5224472222625389080, guid: a39ffbe628478834a8006e11e92edee0,
        type: 3}
      propertyPath: m_LocalPosition.x
      value: -0.39999998
      objectReference: {fileID: 0}
    - target: {fileID: 5224472222625389080, guid: a39ffbe628478834a8006e11e92edee0,
        type: 3}
      propertyPath: m_LocalPosition.y
      value: 0.125
      objectReference: {fileID: 0}
    - target: {fileID: 5224472222625389080, guid: a39ffbe628478834a8006e11e92edee0,
        type: 3}
      propertyPath: m_LocalPosition.z
      value: -0.406
      objectReference: {fileID: 0}
    - target: {fileID: 5224472222625389080, guid: a39ffbe628478834a8006e11e92edee0,
        type: 3}
      propertyPath: m_LocalRotation.x
      value: -0
      objectReference: {fileID: 0}
    - target: {fileID: 5224472222625389080, guid: a39ffbe628478834a8006e11e92edee0,
        type: 3}
      propertyPath: m_LocalRotation.y
      value: -0
      objectReference: {fileID: 0}
    - target: {fileID: 5224472222625389080, guid: a39ffbe628478834a8006e11e92edee0,
        type: 3}
      propertyPath: m_LocalRotation.z
      value: -0
      objectReference: {fileID: 0}
    - target: {fileID: 5224472222625389080, guid: a39ffbe628478834a8006e11e92edee0,
        type: 3}
      propertyPath: m_LocalRotation.w
      value: 1
      objectReference: {fileID: 0}
    - target: {fileID: 5224472222625389080, guid: a39ffbe628478834a8006e11e92edee0,
        type: 3}
      propertyPath: m_RootOrder
      value: 9
      objectReference: {fileID: 0}
    - target: {fileID: 5224472222625389080, guid: a39ffbe628478834a8006e11e92edee0,
        type: 3}
      propertyPath: m_LocalEulerAnglesHint.x
      value: 0
      objectReference: {fileID: 0}
    - target: {fileID: 5224472222625389080, guid: a39ffbe628478834a8006e11e92edee0,
        type: 3}
      propertyPath: m_LocalEulerAnglesHint.y
      value: 0
      objectReference: {fileID: 0}
    - target: {fileID: 5224472222625389080, guid: a39ffbe628478834a8006e11e92edee0,
        type: 3}
      propertyPath: m_LocalEulerAnglesHint.z
      value: 0
      objectReference: {fileID: 0}
    - target: {fileID: 5589828788915104441, guid: a39ffbe628478834a8006e11e92edee0,
        type: 3}
      propertyPath: m_Name
      value: Cube_2_C (7)
      objectReference: {fileID: 0}
    m_RemovedComponents: []
  m_SourcePrefab: {fileID: 100100000, guid: a39ffbe628478834a8006e11e92edee0, type: 3}
--- !u!4 &8808701398330914630 stripped
Transform:
  m_CorrespondingSourceObject: {fileID: 5224472222625389080, guid: a39ffbe628478834a8006e11e92edee0,
    type: 3}
  m_PrefabInstance: {fileID: 3656859735845203294}
  m_PrefabAsset: {fileID: 0}
--- !u!1001 &3889480758977879562
PrefabInstance:
  m_ObjectHideFlags: 0
  serializedVersion: 2
  m_Modification:
    m_TransformParent: {fileID: 5894522851666402985}
    m_Modifications:
    - target: {fileID: 5224472222625389080, guid: a39ffbe628478834a8006e11e92edee0,
        type: 3}
      propertyPath: m_LocalPosition.x
      value: -0.16499993
      objectReference: {fileID: 0}
    - target: {fileID: 5224472222625389080, guid: a39ffbe628478834a8006e11e92edee0,
        type: 3}
      propertyPath: m_LocalPosition.y
      value: 1.531
      objectReference: {fileID: 0}
    - target: {fileID: 5224472222625389080, guid: a39ffbe628478834a8006e11e92edee0,
        type: 3}
      propertyPath: m_LocalPosition.z
      value: -0.08499999
      objectReference: {fileID: 0}
    - target: {fileID: 5224472222625389080, guid: a39ffbe628478834a8006e11e92edee0,
        type: 3}
      propertyPath: m_LocalRotation.x
      value: -0
      objectReference: {fileID: 0}
    - target: {fileID: 5224472222625389080, guid: a39ffbe628478834a8006e11e92edee0,
        type: 3}
      propertyPath: m_LocalRotation.y
      value: -0
      objectReference: {fileID: 0}
    - target: {fileID: 5224472222625389080, guid: a39ffbe628478834a8006e11e92edee0,
        type: 3}
      propertyPath: m_LocalRotation.z
      value: -0
      objectReference: {fileID: 0}
    - target: {fileID: 5224472222625389080, guid: a39ffbe628478834a8006e11e92edee0,
        type: 3}
      propertyPath: m_LocalRotation.w
      value: 1
      objectReference: {fileID: 0}
    - target: {fileID: 5224472222625389080, guid: a39ffbe628478834a8006e11e92edee0,
        type: 3}
      propertyPath: m_RootOrder
      value: 24
      objectReference: {fileID: 0}
    - target: {fileID: 5224472222625389080, guid: a39ffbe628478834a8006e11e92edee0,
        type: 3}
      propertyPath: m_LocalEulerAnglesHint.x
      value: 0
      objectReference: {fileID: 0}
    - target: {fileID: 5224472222625389080, guid: a39ffbe628478834a8006e11e92edee0,
        type: 3}
      propertyPath: m_LocalEulerAnglesHint.y
      value: 0
      objectReference: {fileID: 0}
    - target: {fileID: 5224472222625389080, guid: a39ffbe628478834a8006e11e92edee0,
        type: 3}
      propertyPath: m_LocalEulerAnglesHint.z
      value: 0
      objectReference: {fileID: 0}
    - target: {fileID: 5589828788915104441, guid: a39ffbe628478834a8006e11e92edee0,
        type: 3}
      propertyPath: m_Name
      value: Cube_2_C (22)
      objectReference: {fileID: 0}
    m_RemovedComponents: []
  m_SourcePrefab: {fileID: 100100000, guid: a39ffbe628478834a8006e11e92edee0, type: 3}
--- !u!4 &9041886556573172754 stripped
Transform:
  m_CorrespondingSourceObject: {fileID: 5224472222625389080, guid: a39ffbe628478834a8006e11e92edee0,
    type: 3}
  m_PrefabInstance: {fileID: 3889480758977879562}
  m_PrefabAsset: {fileID: 0}
--- !u!1001 &4128236622091986062
PrefabInstance:
  m_ObjectHideFlags: 0
  serializedVersion: 2
  m_Modification:
    m_TransformParent: {fileID: 5894522851666402985}
    m_Modifications:
    - target: {fileID: 5224472222625389080, guid: a39ffbe628478834a8006e11e92edee0,
        type: 3}
      propertyPath: m_LocalPosition.x
      value: 0.402
      objectReference: {fileID: 0}
    - target: {fileID: 5224472222625389080, guid: a39ffbe628478834a8006e11e92edee0,
        type: 3}
      propertyPath: m_LocalPosition.y
      value: 1.531
      objectReference: {fileID: 0}
    - target: {fileID: 5224472222625389080, guid: a39ffbe628478834a8006e11e92edee0,
        type: 3}
      propertyPath: m_LocalPosition.z
      value: -0.08499999
      objectReference: {fileID: 0}
    - target: {fileID: 5224472222625389080, guid: a39ffbe628478834a8006e11e92edee0,
        type: 3}
      propertyPath: m_LocalRotation.x
      value: -0
      objectReference: {fileID: 0}
    - target: {fileID: 5224472222625389080, guid: a39ffbe628478834a8006e11e92edee0,
        type: 3}
      propertyPath: m_LocalRotation.y
      value: -0
      objectReference: {fileID: 0}
    - target: {fileID: 5224472222625389080, guid: a39ffbe628478834a8006e11e92edee0,
        type: 3}
      propertyPath: m_LocalRotation.z
      value: -0
      objectReference: {fileID: 0}
    - target: {fileID: 5224472222625389080, guid: a39ffbe628478834a8006e11e92edee0,
        type: 3}
      propertyPath: m_LocalRotation.w
      value: 1
      objectReference: {fileID: 0}
    - target: {fileID: 5224472222625389080, guid: a39ffbe628478834a8006e11e92edee0,
        type: 3}
      propertyPath: m_RootOrder
      value: 20
      objectReference: {fileID: 0}
    - target: {fileID: 5224472222625389080, guid: a39ffbe628478834a8006e11e92edee0,
        type: 3}
      propertyPath: m_LocalEulerAnglesHint.x
      value: 0
      objectReference: {fileID: 0}
    - target: {fileID: 5224472222625389080, guid: a39ffbe628478834a8006e11e92edee0,
        type: 3}
      propertyPath: m_LocalEulerAnglesHint.y
      value: 0
      objectReference: {fileID: 0}
    - target: {fileID: 5224472222625389080, guid: a39ffbe628478834a8006e11e92edee0,
        type: 3}
      propertyPath: m_LocalEulerAnglesHint.z
      value: 0
      objectReference: {fileID: 0}
    - target: {fileID: 5589828788915104441, guid: a39ffbe628478834a8006e11e92edee0,
        type: 3}
      propertyPath: m_Name
      value: Cube_2_C (18)
      objectReference: {fileID: 0}
    m_RemovedComponents: []
  m_SourcePrefab: {fileID: 100100000, guid: a39ffbe628478834a8006e11e92edee0, type: 3}
--- !u!4 &8199784554823057046 stripped
Transform:
  m_CorrespondingSourceObject: {fileID: 5224472222625389080, guid: a39ffbe628478834a8006e11e92edee0,
    type: 3}
  m_PrefabInstance: {fileID: 4128236622091986062}
  m_PrefabAsset: {fileID: 0}
--- !u!1001 &4155011631011719737
PrefabInstance:
  m_ObjectHideFlags: 0
  serializedVersion: 2
  m_Modification:
    m_TransformParent: {fileID: 5894522851666402985}
    m_Modifications:
    - target: {fileID: 5224472222625389080, guid: a39ffbe628478834a8006e11e92edee0,
        type: 3}
      propertyPath: m_LocalPosition.x
      value: -0.41500002
      objectReference: {fileID: 0}
    - target: {fileID: 5224472222625389080, guid: a39ffbe628478834a8006e11e92edee0,
        type: 3}
      propertyPath: m_LocalPosition.y
      value: 1.531
      objectReference: {fileID: 0}
    - target: {fileID: 5224472222625389080, guid: a39ffbe628478834a8006e11e92edee0,
        type: 3}
      propertyPath: m_LocalPosition.z
      value: -0.08499999
      objectReference: {fileID: 0}
    - target: {fileID: 5224472222625389080, guid: a39ffbe628478834a8006e11e92edee0,
        type: 3}
      propertyPath: m_LocalRotation.x
      value: -0
      objectReference: {fileID: 0}
    - target: {fileID: 5224472222625389080, guid: a39ffbe628478834a8006e11e92edee0,
        type: 3}
      propertyPath: m_LocalRotation.y
      value: -0
      objectReference: {fileID: 0}
    - target: {fileID: 5224472222625389080, guid: a39ffbe628478834a8006e11e92edee0,
        type: 3}
      propertyPath: m_LocalRotation.z
      value: -0
      objectReference: {fileID: 0}
    - target: {fileID: 5224472222625389080, guid: a39ffbe628478834a8006e11e92edee0,
        type: 3}
      propertyPath: m_LocalRotation.w
      value: 1
      objectReference: {fileID: 0}
    - target: {fileID: 5224472222625389080, guid: a39ffbe628478834a8006e11e92edee0,
        type: 3}
      propertyPath: m_RootOrder
      value: 25
      objectReference: {fileID: 0}
    - target: {fileID: 5224472222625389080, guid: a39ffbe628478834a8006e11e92edee0,
        type: 3}
      propertyPath: m_LocalEulerAnglesHint.x
      value: 0
      objectReference: {fileID: 0}
    - target: {fileID: 5224472222625389080, guid: a39ffbe628478834a8006e11e92edee0,
        type: 3}
      propertyPath: m_LocalEulerAnglesHint.y
      value: 0
      objectReference: {fileID: 0}
    - target: {fileID: 5224472222625389080, guid: a39ffbe628478834a8006e11e92edee0,
        type: 3}
      propertyPath: m_LocalEulerAnglesHint.z
      value: 0
      objectReference: {fileID: 0}
    - target: {fileID: 5589828788915104441, guid: a39ffbe628478834a8006e11e92edee0,
        type: 3}
      propertyPath: m_Name
      value: Cube_2_C (23)
      objectReference: {fileID: 0}
    m_RemovedComponents: []
  m_SourcePrefab: {fileID: 100100000, guid: a39ffbe628478834a8006e11e92edee0, type: 3}
--- !u!4 &8153939603329036321 stripped
Transform:
  m_CorrespondingSourceObject: {fileID: 5224472222625389080, guid: a39ffbe628478834a8006e11e92edee0,
    type: 3}
  m_PrefabInstance: {fileID: 4155011631011719737}
  m_PrefabAsset: {fileID: 0}
--- !u!1001 &4441723172941022859
PrefabInstance:
  m_ObjectHideFlags: 0
  serializedVersion: 2
  m_Modification:
    m_TransformParent: {fileID: 5894522851666402985}
    m_Modifications:
    - target: {fileID: 5224472222625389080, guid: a39ffbe628478834a8006e11e92edee0,
        type: 3}
      propertyPath: m_LocalPosition.x
      value: 0.39299998
      objectReference: {fileID: 0}
    - target: {fileID: 5224472222625389080, guid: a39ffbe628478834a8006e11e92edee0,
        type: 3}
      propertyPath: m_LocalPosition.y
      value: 0.125
      objectReference: {fileID: 0}
    - target: {fileID: 5224472222625389080, guid: a39ffbe628478834a8006e11e92edee0,
        type: 3}
      propertyPath: m_LocalPosition.z
      value: 0.418
      objectReference: {fileID: 0}
    - target: {fileID: 5224472222625389080, guid: a39ffbe628478834a8006e11e92edee0,
        type: 3}
      propertyPath: m_LocalRotation.x
      value: -0
      objectReference: {fileID: 0}
    - target: {fileID: 5224472222625389080, guid: a39ffbe628478834a8006e11e92edee0,
        type: 3}
      propertyPath: m_LocalRotation.y
      value: -0
      objectReference: {fileID: 0}
    - target: {fileID: 5224472222625389080, guid: a39ffbe628478834a8006e11e92edee0,
        type: 3}
      propertyPath: m_LocalRotation.z
      value: -0
      objectReference: {fileID: 0}
    - target: {fileID: 5224472222625389080, guid: a39ffbe628478834a8006e11e92edee0,
        type: 3}
      propertyPath: m_LocalRotation.w
      value: 1
      objectReference: {fileID: 0}
    - target: {fileID: 5224472222625389080, guid: a39ffbe628478834a8006e11e92edee0,
        type: 3}
      propertyPath: m_RootOrder
      value: 14
      objectReference: {fileID: 0}
    - target: {fileID: 5224472222625389080, guid: a39ffbe628478834a8006e11e92edee0,
        type: 3}
      propertyPath: m_LocalEulerAnglesHint.x
      value: 0
      objectReference: {fileID: 0}
    - target: {fileID: 5224472222625389080, guid: a39ffbe628478834a8006e11e92edee0,
        type: 3}
      propertyPath: m_LocalEulerAnglesHint.y
      value: 0
      objectReference: {fileID: 0}
    - target: {fileID: 5224472222625389080, guid: a39ffbe628478834a8006e11e92edee0,
        type: 3}
      propertyPath: m_LocalEulerAnglesHint.z
      value: 0
      objectReference: {fileID: 0}
    - target: {fileID: 5589828788915104441, guid: a39ffbe628478834a8006e11e92edee0,
        type: 3}
      propertyPath: m_Name
      value: Cube_2_C (12)
      objectReference: {fileID: 0}
    m_RemovedComponents: []
  m_SourcePrefab: {fileID: 100100000, guid: a39ffbe628478834a8006e11e92edee0, type: 3}
--- !u!4 &8441195403776236691 stripped
Transform:
  m_CorrespondingSourceObject: {fileID: 5224472222625389080, guid: a39ffbe628478834a8006e11e92edee0,
    type: 3}
  m_PrefabInstance: {fileID: 4441723172941022859}
  m_PrefabAsset: {fileID: 0}
--- !u!1001 &4534293916952569408
PrefabInstance:
  m_ObjectHideFlags: 0
  serializedVersion: 2
  m_Modification:
    m_TransformParent: {fileID: 5894522851666402985}
    m_Modifications:
    - target: {fileID: 5224472222625389080, guid: a39ffbe628478834a8006e11e92edee0,
        type: 3}
      propertyPath: m_LocalPosition.x
      value: 0.12999997
      objectReference: {fileID: 0}
    - target: {fileID: 5224472222625389080, guid: a39ffbe628478834a8006e11e92edee0,
        type: 3}
      propertyPath: m_LocalPosition.y
      value: 0.125
      objectReference: {fileID: 0}
    - target: {fileID: 5224472222625389080, guid: a39ffbe628478834a8006e11e92edee0,
        type: 3}
      propertyPath: m_LocalPosition.z
      value: -0.406
      objectReference: {fileID: 0}
    - target: {fileID: 5224472222625389080, guid: a39ffbe628478834a8006e11e92edee0,
        type: 3}
      propertyPath: m_LocalRotation.x
      value: -0
      objectReference: {fileID: 0}
    - target: {fileID: 5224472222625389080, guid: a39ffbe628478834a8006e11e92edee0,
        type: 3}
      propertyPath: m_LocalRotation.y
      value: -0
      objectReference: {fileID: 0}
    - target: {fileID: 5224472222625389080, guid: a39ffbe628478834a8006e11e92edee0,
        type: 3}
      propertyPath: m_LocalRotation.z
      value: -0
      objectReference: {fileID: 0}
    - target: {fileID: 5224472222625389080, guid: a39ffbe628478834a8006e11e92edee0,
        type: 3}
      propertyPath: m_LocalRotation.w
      value: 1
      objectReference: {fileID: 0}
    - target: {fileID: 5224472222625389080, guid: a39ffbe628478834a8006e11e92edee0,
        type: 3}
      propertyPath: m_RootOrder
      value: 5
      objectReference: {fileID: 0}
    - target: {fileID: 5224472222625389080, guid: a39ffbe628478834a8006e11e92edee0,
        type: 3}
      propertyPath: m_LocalEulerAnglesHint.x
      value: 0
      objectReference: {fileID: 0}
    - target: {fileID: 5224472222625389080, guid: a39ffbe628478834a8006e11e92edee0,
        type: 3}
      propertyPath: m_LocalEulerAnglesHint.y
      value: 0
      objectReference: {fileID: 0}
    - target: {fileID: 5224472222625389080, guid: a39ffbe628478834a8006e11e92edee0,
        type: 3}
      propertyPath: m_LocalEulerAnglesHint.z
      value: 0
      objectReference: {fileID: 0}
    - target: {fileID: 5589828788915104441, guid: a39ffbe628478834a8006e11e92edee0,
        type: 3}
      propertyPath: m_Name
      value: Cube_2_C (3)
      objectReference: {fileID: 0}
    m_RemovedComponents: []
  m_SourcePrefab: {fileID: 100100000, guid: a39ffbe628478834a8006e11e92edee0, type: 3}
--- !u!4 &8533197066503421016 stripped
Transform:
  m_CorrespondingSourceObject: {fileID: 5224472222625389080, guid: a39ffbe628478834a8006e11e92edee0,
    type: 3}
  m_PrefabInstance: {fileID: 4534293916952569408}
  m_PrefabAsset: {fileID: 0}
--- !u!1001 &4557608202815902505
PrefabInstance:
  m_ObjectHideFlags: 0
  serializedVersion: 2
  m_Modification:
    m_TransformParent: {fileID: 5894522851666402985}
    m_Modifications:
    - target: {fileID: 5224472222625389080, guid: a39ffbe628478834a8006e11e92edee0,
        type: 3}
      propertyPath: m_LocalPosition.x
      value: 0.37999997
      objectReference: {fileID: 0}
    - target: {fileID: 5224472222625389080, guid: a39ffbe628478834a8006e11e92edee0,
        type: 3}
      propertyPath: m_LocalPosition.y
      value: 0.125
      objectReference: {fileID: 0}
    - target: {fileID: 5224472222625389080, guid: a39ffbe628478834a8006e11e92edee0,
        type: 3}
      propertyPath: m_LocalPosition.z
      value: -0.156
      objectReference: {fileID: 0}
    - target: {fileID: 5224472222625389080, guid: a39ffbe628478834a8006e11e92edee0,
        type: 3}
      propertyPath: m_LocalRotation.x
      value: -0
      objectReference: {fileID: 0}
    - target: {fileID: 5224472222625389080, guid: a39ffbe628478834a8006e11e92edee0,
        type: 3}
      propertyPath: m_LocalRotation.y
      value: -0
      objectReference: {fileID: 0}
    - target: {fileID: 5224472222625389080, guid: a39ffbe628478834a8006e11e92edee0,
        type: 3}
      propertyPath: m_LocalRotation.z
      value: -0
      objectReference: {fileID: 0}
    - target: {fileID: 5224472222625389080, guid: a39ffbe628478834a8006e11e92edee0,
        type: 3}
      propertyPath: m_LocalRotation.w
      value: 1
      objectReference: {fileID: 0}
    - target: {fileID: 5224472222625389080, guid: a39ffbe628478834a8006e11e92edee0,
        type: 3}
      propertyPath: m_RootOrder
      value: 2
      objectReference: {fileID: 0}
    - target: {fileID: 5224472222625389080, guid: a39ffbe628478834a8006e11e92edee0,
        type: 3}
      propertyPath: m_LocalEulerAnglesHint.x
      value: 0
      objectReference: {fileID: 0}
    - target: {fileID: 5224472222625389080, guid: a39ffbe628478834a8006e11e92edee0,
        type: 3}
      propertyPath: m_LocalEulerAnglesHint.y
      value: 0
      objectReference: {fileID: 0}
    - target: {fileID: 5224472222625389080, guid: a39ffbe628478834a8006e11e92edee0,
        type: 3}
      propertyPath: m_LocalEulerAnglesHint.z
      value: 0
      objectReference: {fileID: 0}
    - target: {fileID: 5589828788915104441, guid: a39ffbe628478834a8006e11e92edee0,
        type: 3}
      propertyPath: m_Name
      value: Cube_2_C
      objectReference: {fileID: 0}
    m_RemovedComponents: []
  m_SourcePrefab: {fileID: 100100000, guid: a39ffbe628478834a8006e11e92edee0, type: 3}
--- !u!4 &8628594852034300209 stripped
Transform:
  m_CorrespondingSourceObject: {fileID: 5224472222625389080, guid: a39ffbe628478834a8006e11e92edee0,
    type: 3}
  m_PrefabInstance: {fileID: 4557608202815902505}
  m_PrefabAsset: {fileID: 0}
--- !u!1001 &4607931145783174172
PrefabInstance:
  m_ObjectHideFlags: 0
  serializedVersion: 2
  m_Modification:
    m_TransformParent: {fileID: 5894522851666402985}
    m_Modifications:
    - target: {fileID: 5224472222625389080, guid: a39ffbe628478834a8006e11e92edee0,
        type: 3}
      propertyPath: m_LocalPosition.x
      value: -0.39999998
      objectReference: {fileID: 0}
    - target: {fileID: 5224472222625389080, guid: a39ffbe628478834a8006e11e92edee0,
        type: 3}
      propertyPath: m_LocalPosition.y
      value: 0.125
      objectReference: {fileID: 0}
    - target: {fileID: 5224472222625389080, guid: a39ffbe628478834a8006e11e92edee0,
        type: 3}
      propertyPath: m_LocalPosition.z
      value: 0.418
      objectReference: {fileID: 0}
    - target: {fileID: 5224472222625389080, guid: a39ffbe628478834a8006e11e92edee0,
        type: 3}
      propertyPath: m_LocalRotation.x
      value: -0
      objectReference: {fileID: 0}
    - target: {fileID: 5224472222625389080, guid: a39ffbe628478834a8006e11e92edee0,
        type: 3}
      propertyPath: m_LocalRotation.y
      value: -0
      objectReference: {fileID: 0}
    - target: {fileID: 5224472222625389080, guid: a39ffbe628478834a8006e11e92edee0,
        type: 3}
      propertyPath: m_LocalRotation.z
      value: -0
      objectReference: {fileID: 0}
    - target: {fileID: 5224472222625389080, guid: a39ffbe628478834a8006e11e92edee0,
        type: 3}
      propertyPath: m_LocalRotation.w
      value: 1
      objectReference: {fileID: 0}
    - target: {fileID: 5224472222625389080, guid: a39ffbe628478834a8006e11e92edee0,
        type: 3}
      propertyPath: m_RootOrder
      value: 11
      objectReference: {fileID: 0}
    - target: {fileID: 5224472222625389080, guid: a39ffbe628478834a8006e11e92edee0,
        type: 3}
      propertyPath: m_LocalEulerAnglesHint.x
      value: 0
      objectReference: {fileID: 0}
    - target: {fileID: 5224472222625389080, guid: a39ffbe628478834a8006e11e92edee0,
        type: 3}
      propertyPath: m_LocalEulerAnglesHint.y
      value: 0
      objectReference: {fileID: 0}
    - target: {fileID: 5224472222625389080, guid: a39ffbe628478834a8006e11e92edee0,
        type: 3}
      propertyPath: m_LocalEulerAnglesHint.z
      value: 0
      objectReference: {fileID: 0}
    - target: {fileID: 5589828788915104441, guid: a39ffbe628478834a8006e11e92edee0,
        type: 3}
      propertyPath: m_Name
      value: Cube_2_C (9)
      objectReference: {fileID: 0}
    m_RemovedComponents: []
  m_SourcePrefab: {fileID: 100100000, guid: a39ffbe628478834a8006e11e92edee0, type: 3}
--- !u!4 &8607404976222125572 stripped
Transform:
  m_CorrespondingSourceObject: {fileID: 5224472222625389080, guid: a39ffbe628478834a8006e11e92edee0,
    type: 3}
  m_PrefabInstance: {fileID: 4607931145783174172}
  m_PrefabAsset: {fileID: 0}
--- !u!1001 &4989255721571390721
PrefabInstance:
  m_ObjectHideFlags: 0
  serializedVersion: 2
  m_Modification:
    m_TransformParent: {fileID: 5894522851666402985}
    m_Modifications:
    - target: {fileID: 5224472222625389080, guid: a39ffbe628478834a8006e11e92edee0,
        type: 3}
      propertyPath: m_LocalPosition.x
      value: -0.41500002
      objectReference: {fileID: 0}
    - target: {fileID: 5224472222625389080, guid: a39ffbe628478834a8006e11e92edee0,
        type: 3}
      propertyPath: m_LocalPosition.y
      value: 1.531
      objectReference: {fileID: 0}
    - target: {fileID: 5224472222625389080, guid: a39ffbe628478834a8006e11e92edee0,
        type: 3}
      propertyPath: m_LocalPosition.z
      value: 0.16499999
      objectReference: {fileID: 0}
    - target: {fileID: 5224472222625389080, guid: a39ffbe628478834a8006e11e92edee0,
        type: 3}
      propertyPath: m_LocalRotation.x
      value: -0
      objectReference: {fileID: 0}
    - target: {fileID: 5224472222625389080, guid: a39ffbe628478834a8006e11e92edee0,
        type: 3}
      propertyPath: m_LocalRotation.y
      value: -0
      objectReference: {fileID: 0}
    - target: {fileID: 5224472222625389080, guid: a39ffbe628478834a8006e11e92edee0,
        type: 3}
      propertyPath: m_LocalRotation.z
      value: -0
      objectReference: {fileID: 0}
    - target: {fileID: 5224472222625389080, guid: a39ffbe628478834a8006e11e92edee0,
        type: 3}
      propertyPath: m_LocalRotation.w
      value: 1
      objectReference: {fileID: 0}
    - target: {fileID: 5224472222625389080, guid: a39ffbe628478834a8006e11e92edee0,
        type: 3}
      propertyPath: m_RootOrder
      value: 23
      objectReference: {fileID: 0}
    - target: {fileID: 5224472222625389080, guid: a39ffbe628478834a8006e11e92edee0,
        type: 3}
      propertyPath: m_LocalEulerAnglesHint.x
      value: 0
      objectReference: {fileID: 0}
    - target: {fileID: 5224472222625389080, guid: a39ffbe628478834a8006e11e92edee0,
        type: 3}
      propertyPath: m_LocalEulerAnglesHint.y
      value: 0
      objectReference: {fileID: 0}
    - target: {fileID: 5224472222625389080, guid: a39ffbe628478834a8006e11e92edee0,
        type: 3}
      propertyPath: m_LocalEulerAnglesHint.z
      value: 0
      objectReference: {fileID: 0}
    - target: {fileID: 5589828788915104441, guid: a39ffbe628478834a8006e11e92edee0,
        type: 3}
      propertyPath: m_Name
      value: Cube_2_C (21)
      objectReference: {fileID: 0}
    m_RemovedComponents: []
  m_SourcePrefab: {fileID: 100100000, guid: a39ffbe628478834a8006e11e92edee0, type: 3}
--- !u!4 &989780828389265177 stripped
Transform:
  m_CorrespondingSourceObject: {fileID: 5224472222625389080, guid: a39ffbe628478834a8006e11e92edee0,
    type: 3}
  m_PrefabInstance: {fileID: 4989255721571390721}
  m_PrefabAsset: {fileID: 0}
--- !u!1001 &5047968100162023102
PrefabInstance:
  m_ObjectHideFlags: 0
  serializedVersion: 2
  m_Modification:
    m_TransformParent: {fileID: 5894522851666402985}
    m_Modifications:
    - target: {fileID: 1122489534411059201, guid: f04b2369cd2343440ab4938e93133527,
        type: 3}
      propertyPath: m_Name
      value: Cube_1_L
      objectReference: {fileID: 0}
    - target: {fileID: 1122489534411059206, guid: f04b2369cd2343440ab4938e93133527,
        type: 3}
      propertyPath: m_LocalPosition.x
      value: -0.009
      objectReference: {fileID: 0}
    - target: {fileID: 1122489534411059206, guid: f04b2369cd2343440ab4938e93133527,
        type: 3}
      propertyPath: m_LocalPosition.y
      value: 1.156
      objectReference: {fileID: 0}
    - target: {fileID: 1122489534411059206, guid: f04b2369cd2343440ab4938e93133527,
        type: 3}
      propertyPath: m_LocalPosition.z
      value: 0.03400001
      objectReference: {fileID: 0}
    - target: {fileID: 1122489534411059206, guid: f04b2369cd2343440ab4938e93133527,
        type: 3}
      propertyPath: m_LocalRotation.x
      value: 0.5
      objectReference: {fileID: 0}
    - target: {fileID: 1122489534411059206, guid: f04b2369cd2343440ab4938e93133527,
        type: 3}
      propertyPath: m_LocalRotation.y
      value: 0.5
      objectReference: {fileID: 0}
    - target: {fileID: 1122489534411059206, guid: f04b2369cd2343440ab4938e93133527,
        type: 3}
      propertyPath: m_LocalRotation.z
      value: -0.5
      objectReference: {fileID: 0}
    - target: {fileID: 1122489534411059206, guid: f04b2369cd2343440ab4938e93133527,
        type: 3}
      propertyPath: m_LocalRotation.w
      value: 0.5
      objectReference: {fileID: 0}
    - target: {fileID: 1122489534411059206, guid: f04b2369cd2343440ab4938e93133527,
        type: 3}
      propertyPath: m_RootOrder
      value: 26
      objectReference: {fileID: 0}
    - target: {fileID: 1122489534411059206, guid: f04b2369cd2343440ab4938e93133527,
        type: 3}
      propertyPath: m_LocalEulerAnglesHint.x
      value: 90
      objectReference: {fileID: 0}
    - target: {fileID: 1122489534411059206, guid: f04b2369cd2343440ab4938e93133527,
        type: 3}
      propertyPath: m_LocalEulerAnglesHint.y
      value: 90
      objectReference: {fileID: 0}
    - target: {fileID: 1122489534411059206, guid: f04b2369cd2343440ab4938e93133527,
        type: 3}
      propertyPath: m_LocalEulerAnglesHint.z
      value: 0
      objectReference: {fileID: 0}
    m_RemovedComponents: []
  m_SourcePrefab: {fileID: 100100000, guid: f04b2369cd2343440ab4938e93133527, type: 3}
--- !u!4 &5304710899704209080 stripped
Transform:
  m_CorrespondingSourceObject: {fileID: 1122489534411059206, guid: f04b2369cd2343440ab4938e93133527,
    type: 3}
  m_PrefabInstance: {fileID: 5047968100162023102}
  m_PrefabAsset: {fileID: 0}
--- !u!1001 &5534243935842518848
PrefabInstance:
  m_ObjectHideFlags: 0
  serializedVersion: 2
  m_Modification:
    m_TransformParent: {fileID: 5894522851666402985}
    m_Modifications:
    - target: {fileID: 5224472222625389080, guid: a39ffbe628478834a8006e11e92edee0,
        type: 3}
      propertyPath: m_LocalPosition.x
      value: -0.39999998
      objectReference: {fileID: 0}
    - target: {fileID: 5224472222625389080, guid: a39ffbe628478834a8006e11e92edee0,
        type: 3}
      propertyPath: m_LocalPosition.y
      value: 0.125
      objectReference: {fileID: 0}
    - target: {fileID: 5224472222625389080, guid: a39ffbe628478834a8006e11e92edee0,
        type: 3}
      propertyPath: m_LocalPosition.z
      value: -0.156
      objectReference: {fileID: 0}
    - target: {fileID: 5224472222625389080, guid: a39ffbe628478834a8006e11e92edee0,
        type: 3}
      propertyPath: m_LocalRotation.x
      value: -0
      objectReference: {fileID: 0}
    - target: {fileID: 5224472222625389080, guid: a39ffbe628478834a8006e11e92edee0,
        type: 3}
      propertyPath: m_LocalRotation.y
      value: -0
      objectReference: {fileID: 0}
    - target: {fileID: 5224472222625389080, guid: a39ffbe628478834a8006e11e92edee0,
        type: 3}
      propertyPath: m_LocalRotation.z
      value: -0
      objectReference: {fileID: 0}
    - target: {fileID: 5224472222625389080, guid: a39ffbe628478834a8006e11e92edee0,
        type: 3}
      propertyPath: m_LocalRotation.w
      value: 1
      objectReference: {fileID: 0}
    - target: {fileID: 5224472222625389080, guid: a39ffbe628478834a8006e11e92edee0,
        type: 3}
      propertyPath: m_RootOrder
      value: 7
      objectReference: {fileID: 0}
    - target: {fileID: 5224472222625389080, guid: a39ffbe628478834a8006e11e92edee0,
        type: 3}
      propertyPath: m_LocalEulerAnglesHint.x
      value: 0
      objectReference: {fileID: 0}
    - target: {fileID: 5224472222625389080, guid: a39ffbe628478834a8006e11e92edee0,
        type: 3}
      propertyPath: m_LocalEulerAnglesHint.y
      value: 0
      objectReference: {fileID: 0}
    - target: {fileID: 5224472222625389080, guid: a39ffbe628478834a8006e11e92edee0,
        type: 3}
      propertyPath: m_LocalEulerAnglesHint.z
      value: 0
      objectReference: {fileID: 0}
    - target: {fileID: 5589828788915104441, guid: a39ffbe628478834a8006e11e92edee0,
        type: 3}
      propertyPath: m_Name
      value: Cube_2_C (5)
      objectReference: {fileID: 0}
    m_RemovedComponents: []
  m_SourcePrefab: {fileID: 100100000, guid: a39ffbe628478834a8006e11e92edee0, type: 3}
--- !u!4 &309789908853824856 stripped
Transform:
  m_CorrespondingSourceObject: {fileID: 5224472222625389080, guid: a39ffbe628478834a8006e11e92edee0,
    type: 3}
  m_PrefabInstance: {fileID: 5534243935842518848}
  m_PrefabAsset: {fileID: 0}
--- !u!1001 &6429342581431318240
PrefabInstance:
  m_ObjectHideFlags: 0
  serializedVersion: 2
  m_Modification:
    m_TransformParent: {fileID: 5894522851666402985}
    m_Modifications:
    - target: {fileID: 5224472222625389080, guid: a39ffbe628478834a8006e11e92edee0,
        type: 3}
      propertyPath: m_LocalPosition.x
      value: -0.15
      objectReference: {fileID: 0}
    - target: {fileID: 5224472222625389080, guid: a39ffbe628478834a8006e11e92edee0,
        type: 3}
      propertyPath: m_LocalPosition.y
      value: 0.125
      objectReference: {fileID: 0}
    - target: {fileID: 5224472222625389080, guid: a39ffbe628478834a8006e11e92edee0,
        type: 3}
      propertyPath: m_LocalPosition.z
      value: 0.418
      objectReference: {fileID: 0}
    - target: {fileID: 5224472222625389080, guid: a39ffbe628478834a8006e11e92edee0,
        type: 3}
      propertyPath: m_LocalRotation.x
      value: -0
      objectReference: {fileID: 0}
    - target: {fileID: 5224472222625389080, guid: a39ffbe628478834a8006e11e92edee0,
        type: 3}
      propertyPath: m_LocalRotation.y
      value: -0
      objectReference: {fileID: 0}
    - target: {fileID: 5224472222625389080, guid: a39ffbe628478834a8006e11e92edee0,
        type: 3}
      propertyPath: m_LocalRotation.z
      value: -0
      objectReference: {fileID: 0}
    - target: {fileID: 5224472222625389080, guid: a39ffbe628478834a8006e11e92edee0,
        type: 3}
      propertyPath: m_LocalRotation.w
      value: 1
      objectReference: {fileID: 0}
    - target: {fileID: 5224472222625389080, guid: a39ffbe628478834a8006e11e92edee0,
        type: 3}
      propertyPath: m_RootOrder
      value: 10
      objectReference: {fileID: 0}
    - target: {fileID: 5224472222625389080, guid: a39ffbe628478834a8006e11e92edee0,
        type: 3}
      propertyPath: m_LocalEulerAnglesHint.x
      value: 0
      objectReference: {fileID: 0}
    - target: {fileID: 5224472222625389080, guid: a39ffbe628478834a8006e11e92edee0,
        type: 3}
      propertyPath: m_LocalEulerAnglesHint.y
      value: 0
      objectReference: {fileID: 0}
    - target: {fileID: 5224472222625389080, guid: a39ffbe628478834a8006e11e92edee0,
        type: 3}
      propertyPath: m_LocalEulerAnglesHint.z
      value: 0
      objectReference: {fileID: 0}
    - target: {fileID: 5589828788915104441, guid: a39ffbe628478834a8006e11e92edee0,
        type: 3}
      propertyPath: m_Name
      value: Cube_2_C (8)
      objectReference: {fileID: 0}
    m_RemovedComponents: []
  m_SourcePrefab: {fileID: 100100000, guid: a39ffbe628478834a8006e11e92edee0, type: 3}
--- !u!4 &1276929708159331576 stripped
Transform:
  m_CorrespondingSourceObject: {fileID: 5224472222625389080, guid: a39ffbe628478834a8006e11e92edee0,
    type: 3}
  m_PrefabInstance: {fileID: 6429342581431318240}
  m_PrefabAsset: {fileID: 0}
--- !u!1001 &6961284196415409241
PrefabInstance:
  m_ObjectHideFlags: 0
  serializedVersion: 2
  m_Modification:
    m_TransformParent: {fileID: 5894522851666402985}
    m_Modifications:
    - target: {fileID: 1122489534411059201, guid: 51cd64bc6b72b82479760b95d93932a0,
        type: 3}
      propertyPath: m_Name
      value: Cube_1_C (3)
      objectReference: {fileID: 0}
    - target: {fileID: 1122489534411059206, guid: 51cd64bc6b72b82479760b95d93932a0,
        type: 3}
      propertyPath: m_LocalPosition.x
      value: 0.266
      objectReference: {fileID: 0}
    - target: {fileID: 1122489534411059206, guid: 51cd64bc6b72b82479760b95d93932a0,
        type: 3}
      propertyPath: m_LocalPosition.y
      value: 0.57
      objectReference: {fileID: 0}
    - target: {fileID: 1122489534411059206, guid: 51cd64bc6b72b82479760b95d93932a0,
        type: 3}
      propertyPath: m_LocalPosition.z
      value: 0.026000008
      objectReference: {fileID: 0}
    - target: {fileID: 1122489534411059206, guid: 51cd64bc6b72b82479760b95d93932a0,
        type: 3}
      propertyPath: m_LocalRotation.x
      value: -0
      objectReference: {fileID: 0}
    - target: {fileID: 1122489534411059206, guid: 51cd64bc6b72b82479760b95d93932a0,
        type: 3}
      propertyPath: m_LocalRotation.y
      value: -0
      objectReference: {fileID: 0}
    - target: {fileID: 1122489534411059206, guid: 51cd64bc6b72b82479760b95d93932a0,
        type: 3}
      propertyPath: m_LocalRotation.z
      value: -0
      objectReference: {fileID: 0}
    - target: {fileID: 1122489534411059206, guid: 51cd64bc6b72b82479760b95d93932a0,
        type: 3}
      propertyPath: m_LocalRotation.w
      value: 1
      objectReference: {fileID: 0}
    - target: {fileID: 1122489534411059206, guid: 51cd64bc6b72b82479760b95d93932a0,
        type: 3}
      propertyPath: m_RootOrder
      value: 1
      objectReference: {fileID: 0}
    - target: {fileID: 1122489534411059206, guid: 51cd64bc6b72b82479760b95d93932a0,
        type: 3}
      propertyPath: m_LocalEulerAnglesHint.x
      value: 0
      objectReference: {fileID: 0}
    - target: {fileID: 1122489534411059206, guid: 51cd64bc6b72b82479760b95d93932a0,
        type: 3}
      propertyPath: m_LocalEulerAnglesHint.y
      value: 0
      objectReference: {fileID: 0}
    - target: {fileID: 1122489534411059206, guid: 51cd64bc6b72b82479760b95d93932a0,
        type: 3}
      propertyPath: m_LocalEulerAnglesHint.z
      value: 0
      objectReference: {fileID: 0}
    m_RemovedComponents: []
  m_SourcePrefab: {fileID: 100100000, guid: 51cd64bc6b72b82479760b95d93932a0, type: 3}
--- !u!4 &8000804514318498911 stripped
Transform:
  m_CorrespondingSourceObject: {fileID: 1122489534411059206, guid: 51cd64bc6b72b82479760b95d93932a0,
    type: 3}
  m_PrefabInstance: {fileID: 6961284196415409241}
  m_PrefabAsset: {fileID: 0}
--- !u!1001 &7039769044621523632
PrefabInstance:
  m_ObjectHideFlags: 0
  serializedVersion: 2
  m_Modification:
    m_TransformParent: {fileID: 5894522851666402985}
    m_Modifications:
    - target: {fileID: 5224472222625389080, guid: a39ffbe628478834a8006e11e92edee0,
        type: 3}
      propertyPath: m_LocalPosition.x
      value: 0.12999997
      objectReference: {fileID: 0}
    - target: {fileID: 5224472222625389080, guid: a39ffbe628478834a8006e11e92edee0,
        type: 3}
      propertyPath: m_LocalPosition.y
      value: 0.125
      objectReference: {fileID: 0}
    - target: {fileID: 5224472222625389080, guid: a39ffbe628478834a8006e11e92edee0,
        type: 3}
      propertyPath: m_LocalPosition.z
      value: -0.156
      objectReference: {fileID: 0}
    - target: {fileID: 5224472222625389080, guid: a39ffbe628478834a8006e11e92edee0,
        type: 3}
      propertyPath: m_LocalRotation.x
      value: -0
      objectReference: {fileID: 0}
    - target: {fileID: 5224472222625389080, guid: a39ffbe628478834a8006e11e92edee0,
        type: 3}
      propertyPath: m_LocalRotation.y
      value: -0
      objectReference: {fileID: 0}
    - target: {fileID: 5224472222625389080, guid: a39ffbe628478834a8006e11e92edee0,
        type: 3}
      propertyPath: m_LocalRotation.z
      value: -0
      objectReference: {fileID: 0}
    - target: {fileID: 5224472222625389080, guid: a39ffbe628478834a8006e11e92edee0,
        type: 3}
      propertyPath: m_LocalRotation.w
      value: 1
      objectReference: {fileID: 0}
    - target: {fileID: 5224472222625389080, guid: a39ffbe628478834a8006e11e92edee0,
        type: 3}
      propertyPath: m_RootOrder
      value: 3
      objectReference: {fileID: 0}
    - target: {fileID: 5224472222625389080, guid: a39ffbe628478834a8006e11e92edee0,
        type: 3}
      propertyPath: m_LocalEulerAnglesHint.x
      value: 0
      objectReference: {fileID: 0}
    - target: {fileID: 5224472222625389080, guid: a39ffbe628478834a8006e11e92edee0,
        type: 3}
      propertyPath: m_LocalEulerAnglesHint.y
      value: 0
      objectReference: {fileID: 0}
    - target: {fileID: 5224472222625389080, guid: a39ffbe628478834a8006e11e92edee0,
        type: 3}
      propertyPath: m_LocalEulerAnglesHint.z
      value: 0
      objectReference: {fileID: 0}
    - target: {fileID: 5589828788915104441, guid: a39ffbe628478834a8006e11e92edee0,
        type: 3}
      propertyPath: m_Name
      value: Cube_2_C (1)
      objectReference: {fileID: 0}
    m_RemovedComponents: []
  m_SourcePrefab: {fileID: 100100000, guid: a39ffbe628478834a8006e11e92edee0, type: 3}
--- !u!4 &2968792907597717672 stripped
Transform:
  m_CorrespondingSourceObject: {fileID: 5224472222625389080, guid: a39ffbe628478834a8006e11e92edee0,
    type: 3}
  m_PrefabInstance: {fileID: 7039769044621523632}
  m_PrefabAsset: {fileID: 0}
--- !u!1001 &7230683821713481026
PrefabInstance:
  m_ObjectHideFlags: 0
  serializedVersion: 2
  m_Modification:
    m_TransformParent: {fileID: 5894522851666402985}
    m_Modifications:
    - target: {fileID: 5224472222625389080, guid: a39ffbe628478834a8006e11e92edee0,
        type: 3}
      propertyPath: m_LocalPosition.x
      value: 0.37999997
      objectReference: {fileID: 0}
    - target: {fileID: 5224472222625389080, guid: a39ffbe628478834a8006e11e92edee0,
        type: 3}
      propertyPath: m_LocalPosition.y
      value: 0.125
      objectReference: {fileID: 0}
    - target: {fileID: 5224472222625389080, guid: a39ffbe628478834a8006e11e92edee0,
        type: 3}
      propertyPath: m_LocalPosition.z
      value: -0.40600002
      objectReference: {fileID: 0}
    - target: {fileID: 5224472222625389080, guid: a39ffbe628478834a8006e11e92edee0,
        type: 3}
      propertyPath: m_LocalRotation.x
      value: -0
      objectReference: {fileID: 0}
    - target: {fileID: 5224472222625389080, guid: a39ffbe628478834a8006e11e92edee0,
        type: 3}
      propertyPath: m_LocalRotation.y
      value: -0
      objectReference: {fileID: 0}
    - target: {fileID: 5224472222625389080, guid: a39ffbe628478834a8006e11e92edee0,
        type: 3}
      propertyPath: m_LocalRotation.z
      value: -0
      objectReference: {fileID: 0}
    - target: {fileID: 5224472222625389080, guid: a39ffbe628478834a8006e11e92edee0,
        type: 3}
      propertyPath: m_LocalRotation.w
      value: 1
      objectReference: {fileID: 0}
    - target: {fileID: 5224472222625389080, guid: a39ffbe628478834a8006e11e92edee0,
        type: 3}
      propertyPath: m_RootOrder
      value: 4
      objectReference: {fileID: 0}
    - target: {fileID: 5224472222625389080, guid: a39ffbe628478834a8006e11e92edee0,
        type: 3}
      propertyPath: m_LocalEulerAnglesHint.x
      value: 0
      objectReference: {fileID: 0}
    - target: {fileID: 5224472222625389080, guid: a39ffbe628478834a8006e11e92edee0,
        type: 3}
      propertyPath: m_LocalEulerAnglesHint.y
      value: 0
      objectReference: {fileID: 0}
    - target: {fileID: 5224472222625389080, guid: a39ffbe628478834a8006e11e92edee0,
        type: 3}
      propertyPath: m_LocalEulerAnglesHint.z
      value: 0
      objectReference: {fileID: 0}
    - target: {fileID: 5224472222625389080, guid: a39ffbe628478834a8006e11e92edee0,
        type: 3}
      propertyPath: m_LocalScale.x
      value: 0.25
      objectReference: {fileID: 0}
    - target: {fileID: 5224472222625389080, guid: a39ffbe628478834a8006e11e92edee0,
        type: 3}
      propertyPath: m_LocalScale.y
      value: 0.25
      objectReference: {fileID: 0}
    - target: {fileID: 5224472222625389080, guid: a39ffbe628478834a8006e11e92edee0,
        type: 3}
      propertyPath: m_LocalScale.z
      value: 0.25
      objectReference: {fileID: 0}
    - target: {fileID: 5589828788915104441, guid: a39ffbe628478834a8006e11e92edee0,
        type: 3}
      propertyPath: m_Name
      value: Cube_2_C (2)
      objectReference: {fileID: 0}
    m_RemovedComponents: []
  m_SourcePrefab: {fileID: 100100000, guid: a39ffbe628478834a8006e11e92edee0, type: 3}
--- !u!4 &3231756517533157210 stripped
Transform:
  m_CorrespondingSourceObject: {fileID: 5224472222625389080, guid: a39ffbe628478834a8006e11e92edee0,
    type: 3}
  m_PrefabInstance: {fileID: 7230683821713481026}
  m_PrefabAsset: {fileID: 0}
--- !u!1001 &7335840745745442949
PrefabInstance:
  m_ObjectHideFlags: 0
  serializedVersion: 2
  m_Modification:
    m_TransformParent: {fileID: 5894522851666402985}
    m_Modifications:
    - target: {fileID: 5224472222625389080, guid: a39ffbe628478834a8006e11e92edee0,
        type: 3}
      propertyPath: m_LocalPosition.x
      value: -0.15
      objectReference: {fileID: 0}
    - target: {fileID: 5224472222625389080, guid: a39ffbe628478834a8006e11e92edee0,
        type: 3}
      propertyPath: m_LocalPosition.y
      value: 0.125
      objectReference: {fileID: 0}
    - target: {fileID: 5224472222625389080, guid: a39ffbe628478834a8006e11e92edee0,
        type: 3}
      propertyPath: m_LocalPosition.z
      value: -0.406
      objectReference: {fileID: 0}
    - target: {fileID: 5224472222625389080, guid: a39ffbe628478834a8006e11e92edee0,
        type: 3}
      propertyPath: m_LocalRotation.x
      value: -0
      objectReference: {fileID: 0}
    - target: {fileID: 5224472222625389080, guid: a39ffbe628478834a8006e11e92edee0,
        type: 3}
      propertyPath: m_LocalRotation.y
      value: -0
      objectReference: {fileID: 0}
    - target: {fileID: 5224472222625389080, guid: a39ffbe628478834a8006e11e92edee0,
        type: 3}
      propertyPath: m_LocalRotation.z
      value: -0
      objectReference: {fileID: 0}
    - target: {fileID: 5224472222625389080, guid: a39ffbe628478834a8006e11e92edee0,
        type: 3}
      propertyPath: m_LocalRotation.w
      value: 1
      objectReference: {fileID: 0}
    - target: {fileID: 5224472222625389080, guid: a39ffbe628478834a8006e11e92edee0,
        type: 3}
      propertyPath: m_RootOrder
      value: 8
      objectReference: {fileID: 0}
    - target: {fileID: 5224472222625389080, guid: a39ffbe628478834a8006e11e92edee0,
        type: 3}
      propertyPath: m_LocalEulerAnglesHint.x
      value: 0
      objectReference: {fileID: 0}
    - target: {fileID: 5224472222625389080, guid: a39ffbe628478834a8006e11e92edee0,
        type: 3}
      propertyPath: m_LocalEulerAnglesHint.y
      value: 0
      objectReference: {fileID: 0}
    - target: {fileID: 5224472222625389080, guid: a39ffbe628478834a8006e11e92edee0,
        type: 3}
      propertyPath: m_LocalEulerAnglesHint.z
      value: 0
      objectReference: {fileID: 0}
    - target: {fileID: 5589828788915104441, guid: a39ffbe628478834a8006e11e92edee0,
        type: 3}
      propertyPath: m_Name
      value: Cube_2_C (6)
      objectReference: {fileID: 0}
    m_RemovedComponents: []
  m_SourcePrefab: {fileID: 100100000, guid: a39ffbe628478834a8006e11e92edee0, type: 3}
--- !u!4 &3264873905177047709 stripped
Transform:
  m_CorrespondingSourceObject: {fileID: 5224472222625389080, guid: a39ffbe628478834a8006e11e92edee0,
    type: 3}
  m_PrefabInstance: {fileID: 7335840745745442949}
  m_PrefabAsset: {fileID: 0}
--- !u!1001 &8328006259034795054
PrefabInstance:
  m_ObjectHideFlags: 0
  serializedVersion: 2
  m_Modification:
    m_TransformParent: {fileID: 5894522851666402985}
    m_Modifications:
    - target: {fileID: 5224472222625389080, guid: a39ffbe628478834a8006e11e92edee0,
        type: 3}
      propertyPath: m_LocalPosition.x
      value: 0.402
      objectReference: {fileID: 0}
    - target: {fileID: 5224472222625389080, guid: a39ffbe628478834a8006e11e92edee0,
        type: 3}
      propertyPath: m_LocalPosition.y
      value: 1.531
      objectReference: {fileID: 0}
    - target: {fileID: 5224472222625389080, guid: a39ffbe628478834a8006e11e92edee0,
        type: 3}
      propertyPath: m_LocalPosition.z
      value: 0.16499999
      objectReference: {fileID: 0}
    - target: {fileID: 5224472222625389080, guid: a39ffbe628478834a8006e11e92edee0,
        type: 3}
      propertyPath: m_LocalRotation.x
      value: -0
      objectReference: {fileID: 0}
    - target: {fileID: 5224472222625389080, guid: a39ffbe628478834a8006e11e92edee0,
        type: 3}
      propertyPath: m_LocalRotation.y
      value: -0
      objectReference: {fileID: 0}
    - target: {fileID: 5224472222625389080, guid: a39ffbe628478834a8006e11e92edee0,
        type: 3}
      propertyPath: m_LocalRotation.z
      value: -0
      objectReference: {fileID: 0}
    - target: {fileID: 5224472222625389080, guid: a39ffbe628478834a8006e11e92edee0,
        type: 3}
      propertyPath: m_LocalRotation.w
      value: 1
      objectReference: {fileID: 0}
    - target: {fileID: 5224472222625389080, guid: a39ffbe628478834a8006e11e92edee0,
        type: 3}
      propertyPath: m_RootOrder
      value: 18
      objectReference: {fileID: 0}
    - target: {fileID: 5224472222625389080, guid: a39ffbe628478834a8006e11e92edee0,
        type: 3}
      propertyPath: m_LocalEulerAnglesHint.x
      value: 0
      objectReference: {fileID: 0}
    - target: {fileID: 5224472222625389080, guid: a39ffbe628478834a8006e11e92edee0,
        type: 3}
      propertyPath: m_LocalEulerAnglesHint.y
      value: 0
      objectReference: {fileID: 0}
    - target: {fileID: 5224472222625389080, guid: a39ffbe628478834a8006e11e92edee0,
        type: 3}
      propertyPath: m_LocalEulerAnglesHint.z
      value: 0
      objectReference: {fileID: 0}
    - target: {fileID: 5589828788915104441, guid: a39ffbe628478834a8006e11e92edee0,
        type: 3}
      propertyPath: m_Name
      value: Cube_2_C (16)
      objectReference: {fileID: 0}
    m_RemovedComponents: []
  m_SourcePrefab: {fileID: 100100000, guid: a39ffbe628478834a8006e11e92edee0, type: 3}
--- !u!4 &4256473806170027574 stripped
Transform:
  m_CorrespondingSourceObject: {fileID: 5224472222625389080, guid: a39ffbe628478834a8006e11e92edee0,
    type: 3}
  m_PrefabInstance: {fileID: 8328006259034795054}
  m_PrefabAsset: {fileID: 0}
--- !u!1001 &8490405666960066826
PrefabInstance:
  m_ObjectHideFlags: 0
  serializedVersion: 2
  m_Modification:
    m_TransformParent: {fileID: 5894522851666402985}
    m_Modifications:
    - target: {fileID: 5224472222625389080, guid: a39ffbe628478834a8006e11e92edee0,
        type: 3}
      propertyPath: m_LocalPosition.x
      value: 0.15199995
      objectReference: {fileID: 0}
    - target: {fileID: 5224472222625389080, guid: a39ffbe628478834a8006e11e92edee0,
        type: 3}
      propertyPath: m_LocalPosition.y
      value: 1.531
      objectReference: {fileID: 0}
    - target: {fileID: 5224472222625389080, guid: a39ffbe628478834a8006e11e92edee0,
        type: 3}
      propertyPath: m_LocalPosition.z
      value: 0.16499999
      objectReference: {fileID: 0}
    - target: {fileID: 5224472222625389080, guid: a39ffbe628478834a8006e11e92edee0,
        type: 3}
      propertyPath: m_LocalRotation.x
      value: -0
      objectReference: {fileID: 0}
    - target: {fileID: 5224472222625389080, guid: a39ffbe628478834a8006e11e92edee0,
        type: 3}
      propertyPath: m_LocalRotation.y
      value: -0
      objectReference: {fileID: 0}
    - target: {fileID: 5224472222625389080, guid: a39ffbe628478834a8006e11e92edee0,
        type: 3}
      propertyPath: m_LocalRotation.z
      value: -0
      objectReference: {fileID: 0}
    - target: {fileID: 5224472222625389080, guid: a39ffbe628478834a8006e11e92edee0,
        type: 3}
      propertyPath: m_LocalRotation.w
      value: 1
      objectReference: {fileID: 0}
    - target: {fileID: 5224472222625389080, guid: a39ffbe628478834a8006e11e92edee0,
        type: 3}
      propertyPath: m_RootOrder
      value: 19
      objectReference: {fileID: 0}
    - target: {fileID: 5224472222625389080, guid: a39ffbe628478834a8006e11e92edee0,
        type: 3}
      propertyPath: m_LocalEulerAnglesHint.x
      value: 0
      objectReference: {fileID: 0}
    - target: {fileID: 5224472222625389080, guid: a39ffbe628478834a8006e11e92edee0,
        type: 3}
      propertyPath: m_LocalEulerAnglesHint.y
      value: 0
      objectReference: {fileID: 0}
    - target: {fileID: 5224472222625389080, guid: a39ffbe628478834a8006e11e92edee0,
        type: 3}
      propertyPath: m_LocalEulerAnglesHint.z
      value: 0
      objectReference: {fileID: 0}
    - target: {fileID: 5589828788915104441, guid: a39ffbe628478834a8006e11e92edee0,
        type: 3}
      propertyPath: m_Name
      value: Cube_2_C (17)
      objectReference: {fileID: 0}
    m_RemovedComponents: []
  m_SourcePrefab: {fileID: 100100000, guid: a39ffbe628478834a8006e11e92edee0, type: 3}
--- !u!4 &4418865995878568722 stripped
Transform:
  m_CorrespondingSourceObject: {fileID: 5224472222625389080, guid: a39ffbe628478834a8006e11e92edee0,
    type: 3}
  m_PrefabInstance: {fileID: 8490405666960066826}
  m_PrefabAsset: {fileID: 0}
--- !u!1001 &8771262938388052361
PrefabInstance:
  m_ObjectHideFlags: 0
  serializedVersion: 2
  m_Modification:
    m_TransformParent: {fileID: 5894522851666402985}
    m_Modifications:
    - target: {fileID: 5224472222625389080, guid: a39ffbe628478834a8006e11e92edee0,
        type: 3}
      propertyPath: m_LocalPosition.x
      value: 0.39299998
      objectReference: {fileID: 0}
    - target: {fileID: 5224472222625389080, guid: a39ffbe628478834a8006e11e92edee0,
        type: 3}
      propertyPath: m_LocalPosition.y
      value: 0.125
      objectReference: {fileID: 0}
    - target: {fileID: 5224472222625389080, guid: a39ffbe628478834a8006e11e92edee0,
        type: 3}
      propertyPath: m_LocalPosition.z
      value: 0.168
      objectReference: {fileID: 0}
    - target: {fileID: 5224472222625389080, guid: a39ffbe628478834a8006e11e92edee0,
        type: 3}
      propertyPath: m_LocalRotation.x
      value: -0
      objectReference: {fileID: 0}
    - target: {fileID: 5224472222625389080, guid: a39ffbe628478834a8006e11e92edee0,
        type: 3}
      propertyPath: m_LocalRotation.y
      value: -0
      objectReference: {fileID: 0}
    - target: {fileID: 5224472222625389080, guid: a39ffbe628478834a8006e11e92edee0,
        type: 3}
      propertyPath: m_LocalRotation.z
      value: -0
      objectReference: {fileID: 0}
    - target: {fileID: 5224472222625389080, guid: a39ffbe628478834a8006e11e92edee0,
        type: 3}
      propertyPath: m_LocalRotation.w
      value: 1
      objectReference: {fileID: 0}
    - target: {fileID: 5224472222625389080, guid: a39ffbe628478834a8006e11e92edee0,
        type: 3}
      propertyPath: m_RootOrder
      value: 16
      objectReference: {fileID: 0}
    - target: {fileID: 5224472222625389080, guid: a39ffbe628478834a8006e11e92edee0,
        type: 3}
      propertyPath: m_LocalEulerAnglesHint.x
      value: 0
      objectReference: {fileID: 0}
    - target: {fileID: 5224472222625389080, guid: a39ffbe628478834a8006e11e92edee0,
        type: 3}
      propertyPath: m_LocalEulerAnglesHint.y
      value: 0
      objectReference: {fileID: 0}
    - target: {fileID: 5224472222625389080, guid: a39ffbe628478834a8006e11e92edee0,
        type: 3}
      propertyPath: m_LocalEulerAnglesHint.z
      value: 0
      objectReference: {fileID: 0}
    - target: {fileID: 5589828788915104441, guid: a39ffbe628478834a8006e11e92edee0,
        type: 3}
      propertyPath: m_Name
      value: Cube_2_C (14)
      objectReference: {fileID: 0}
    m_RemovedComponents: []
  m_SourcePrefab: {fileID: 100100000, guid: a39ffbe628478834a8006e11e92edee0, type: 3}
--- !u!4 &3546801197640868753 stripped
Transform:
  m_CorrespondingSourceObject: {fileID: 5224472222625389080, guid: a39ffbe628478834a8006e11e92edee0,
    type: 3}
  m_PrefabInstance: {fileID: 8771262938388052361}
  m_PrefabAsset: {fileID: 0}
